@ARTICLE{Luger2021,
       author = { {Luger}, Rodrigo and {Bedell}, Megan and {Foreman-Mackey}, Daniel and {Crossfield}, Ian J.~M. and {Zhao}, Lily L. and {Hogg}, David W.},
        title = "{Mapping stellar surfaces III: An Efficient, Scalable, and Open-Source Doppler Imaging Model}",
      journal = {arXiv e-prints},
     keywords = {Astrophysics - Solar and Stellar Astrophysics, Astrophysics - Earth and Planetary Astrophysics, Astrophysics - Instrumentation and Methods for Astrophysics},
         year = 2021,
        month = oct,
          eid = {arXiv:2110.06271},
        pages = {arXiv:2110.06271},
archivePrefix = {arXiv},
       eprint = {2110.06271},
 primaryClass = {astro-ph.SR},
       adsurl = {https://ui.adsabs.harvard.edu/abs/2021arXiv211006271L},
      adsnote = {Provided by the SAO/NASA Astrophysics Data System}
}
@ARTICLE{vansluijs2019,
       author = {{van Sluijs}, Lennart and {de Mooij}, Ernst and {Kenworthy}, Matthew and {Celeste}, Maggie and {Hooton}, Matthew J. and {Mamajek}, Eric E. and {Sip{\H{o}}cz}, Brigitta and {Snellen}, Ignas. A.~G. and {Ridden-Harper}, Andrew R. and {Wilson}, Paul A.},
        title = "{Spectroscopic transit search: a self-calibrating method for detecting planets around bright stars}",
      journal = {\aap},
     keywords = {methods: observational, techniques: spectroscopic, stars: individual: {\ensuremath{\beta}} Pictoris, stars: variables: {\ensuremath{\delta}} Scuti, planets and satellites: detection, Astrophysics - Earth and Planetary Astrophysics, Astrophysics - Instrumentation and Methods for Astrophysics},
         year = 2019,
        month = jun,
       volume = {626},
          eid = {A97},
        pages = {A97},
          doi = {10.1051/0004-6361/201935066},
archivePrefix = {arXiv},
       eprint = {1903.08186},
 primaryClass = {astro-ph.EP},
       adsurl = {https://ui.adsabs.harvard.edu/abs/2019A&A...626A..97V},
      adsnote = {Provided by the SAO/NASA Astrophysics Data System}
}

@ARTICLE{Cremonese02,
       author = {{Cremonese}, G. and {Huebner}, W.~F. and {Rauer}, H. and {Boice}, D.~C.},
        title = "{Neutral sodium tails in comets}",
      journal = {Advances in Space Research},
         year = 2002,
        month = jan,
       volume = {29},
       number = {8},
        pages = {1187-1197},
          doi = {10.1016/S0273-1177(02)00136-9},
       adsurl = {https://ui.adsabs.harvard.edu/abs/2002AdSpR..29.1187C},
      adsnote = {Provided by the SAO/NASA Astrophysics Data System}
}


@ARTICLE{Dufay65,
       author = {{Dufay}, J. and {Swings}, P. and {Fehrenbach}, Ch.},
        title = "{Spectrographic Observations of Comet Ikeya-Seki (1965f).}",
      journal = {\apj},
         year = "1965",
        month = "Nov",
       volume = {142},
        pages = {1698},
          doi = {10.1086/148467},
       adsurl = {https://ui.adsabs.harvard.edu/abs/1965ApJ...142.1698D},
      adsnote = {Provided by the SAO/NASA Astrophysics Data System}
}

@ARTICLE{Thackeray1966,
       author = {{Thackeray}, A.~D. and {Feast}, M.~W. and {Warner}, B.},
        title = "{Daytime Spectra of Comet Ikeya-Seki Near Perihelion}",
      journal = {\apj},
         year = "1966",
        month = "Jan",
       volume = {143},
        pages = {276},
          doi = {10.1086/148506},
       adsurl = {https://ui.adsabs.harvard.edu/abs/1966ApJ...143..276T},
      adsnote = {Provided by the SAO/NASA Astrophysics Data System}
}

@ARTICLE{LecavelierdesEtangs22,
       author = {{Lecavelier des Etangs}, Alain and {Cros}, Lucie and {H{\'e}brard}, Guillaume and {Martioli}, Eder and {Duquesnoy}, Marc and {Kenworthy}, Matthew A. and {Kiefer}, Flavien and {Lacour}, Sylvestre and {Lagrange}, Anne-Marie and {Meunier}, Nad{\`e}ge and {Vidal-Madjar}, Alfred},
        title = "{Exocomets size distribution in the {\ensuremath{\beta}} ? Pictoris planetary system}",
      journal = {Scientific Reports},
     keywords = {Astrophysics - Earth and Planetary Astrophysics},
         year = 2022,
        month = apr,
       volume = {12},
          eid = {5855},
        pages = {5855},
          doi = {10.1038/s41598-022-09021-2},
archivePrefix = {arXiv},
       eprint = {2204.13618},
 primaryClass = {astro-ph.EP},
       adsurl = {https://ui.adsabs.harvard.edu/abs/2022NatSR..12.5855L},
      adsnote = {Provided by the SAO/NASA Astrophysics Data System}
}
@ARTICLE{2020SciPy-NMeth,
  author  = {Virtanen, Pauli and Gommers, Ralf and Oliphant, Travis E. and
            Haberland, Matt and Reddy, Tyler and Cournapeau, David and
            Burovski, Evgeni and Peterson, Pearu and Weckesser, Warren and
            Bright, Jonathan and {van der Walt}, St{\'e}fan J. and
            Brett, Matthew and Wilson, Joshua and Millman, K. Jarrod and
            Mayorov, Nikolay and Nelson, Andrew R. J. and Jones, Eric and
            Kern, Robert and Larson, Eric and Carey, C J and
            Polat, {\.I}lhan and Feng, Yu and Moore, Eric W. and
            {VanderPlas}, Jake and Laxalde, Denis and Perktold, Josef and
            Cimrman, Robert and Henriksen, Ian and Quintero, E. A. and
            Harris, Charles R. and Archibald, Anne M. and
            Ribeiro, Ant{\^o}nio H. and Pedregosa, Fabian and
            {van Mulbregt}, Paul and {SciPy 1.0 Contributors}},
  title   = {{{SciPy} 1.0: Fundamental Algorithms for Scientific
            Computing in Python}},
  journal = {Nature Methods},
  year    = {2020},
  volume  = {17},
  pages   = {261--272},
  adsurl  = {https://rdcu.be/b08Wh},
  doi     = {10.1038/s41592-019-0686-2},
}

@ARTICLE{Biver99,
       author = {{Biver}, N. and {Bockel{\'e}e-Morvan}, D. and {Crovisier}, J. and {Davies}, J.~K. and {Matthews}, H.~E. and {Wink}, J.~E. and {Rauer}, H. and {Colom}, P. and {Dent}, W.~R.~F. and {Despois}, D. and {Moreno}, R. and {Paubert}, G. and {Jewitt}, D. and {Senay}, M.},
        title = "{Spectroscopic Monitoring of Comet C/1996 B2 (Hyakutake) with the JCMT and IRAM Radio Telescopes}",
      journal = {\aj},
     keywords = {COMETS: GENERAL, COMETS: INDIVIDUAL: NAME: HYAKUTAKE (C/1996 B2), RADIO EMISSION LINES},
         year = 1999,
        month = oct,
       volume = {118},
       number = {4},
        pages = {1850-1872},
          doi = {10.1086/301033},
       adsurl = {https://ui.adsabs.harvard.edu/abs/1999AJ....118.1850B},
      adsnote = {Provided by the SAO/NASA Astrophysics Data System}
}


@ARTICLE{Huebner92,
       author = {{Huebner}, W.~F. and {Keady}, J.~J. and {Lyon}, S.~P.},
        title = "{Solar Photo Rates for Planetary Atmospheres and Atmospheric Pollutants}",
      journal = {\apss},
     keywords = {Air Pollution, Photochemical Reactions, Planetary Atmospheres, Reaction Kinetics, Hydrogen Atoms, Hydrogen Ions, Negative Ions, Solar Activity Effects, Solar Flux Density, Lunar and Planetary Exploration, Atmosphere, Molecular Species, Rate Coefficient, Excess Energy, Atmospheric Pollutant},
         year = 1992,
        month = sep,
       volume = {195},
       number = {1},
        pages = {1-294},
          doi = {10.1007/BF00644558},
       adsurl = {https://ui.adsabs.harvard.edu/abs/1992Ap&SS.195....1H},
      adsnote = {Provided by the SAO/NASA Astrophysics Data System}
}


@ARTICLE{Landsman93,
       author = {{Landsman}, Wayne and {Simon}, Theodore},
        title = "{A Catalog of Stellar Lyman-Alpha Fluxes}",
      journal = {\apj},
     keywords = {Astronomical Catalogs, Lyman Alpha Radiation, Stellar Radiation, Ultraviolet Astronomy, Ultraviolet Emission, A Stars, Chromosphere, F Stars, Interstellar Extinction, Iue, Astrophysics, CATALOGS, STARS: CHROMOSPHERES, ULTRAVIOLET: INTERSTELLAR, ULTRAVIOLET: STARS},
         year = 1993,
        month = may,
       volume = {408},
        pages = {305},
          doi = {10.1086/172589},
       adsurl = {https://ui.adsabs.harvard.edu/abs/1993ApJ...408..305L},
      adsnote = {Provided by the SAO/NASA Astrophysics Data System}
}


@ARTICLE{AHearn95,
       author = {{A'Hearn}, Michael F. and {Millis}, Robert C. and {Schleicher}, David O. and {Osip}, David J. and {Birch}, Peter V.},
        title = "{The ensemble properties of comets: Results from narrowband photometry of 85 comets, 1976-1992.}",
      journal = {\icarus},
         year = 1995,
        month = dec,
       volume = {118},
       number = {2},
        pages = {223-270},
          doi = {10.1006/icar.1995.1190},
       adsurl = {https://ui.adsabs.harvard.edu/abs/1995Icar..118..223A},
      adsnote = {Provided by the SAO/NASA Astrophysics Data System}
}

@INPROCEEDINGS{Cochran86,
       author = {{Cochran}, A.~L. and {Barker}, E.~S.},
        title = "{Spectrophotometric Observations of Comet Halley}",
     keywords = {Astronomical Spectroscopy, Halley'S Comet, Spectrophotometry, Astronomical Models, Brightness Distribution, Molecular Spectroscopy, Periodic Variations, Space Observations (From Earth), Astrophysics},
    booktitle = {ESLAB Symposium on the Exploration of Halley's Comet},
         year = 1986,
       editor = {{Battrick}, B. and {Rolfe}, E.~J. and {Reinhard}, R.},
       series = {ESA Special Publication},
       volume = {250},
        month = dec,
        pages = {439},
       adsurl = {https://ui.adsabs.harvard.edu/abs/1986ESASP.250a.439C},
      adsnote = {Provided by the SAO/NASA Astrophysics Data System}
}



@ARTICLE{Zieba19,
       author = {{Zieba}, S. and {Zwintz}, K. and {Kenworthy}, M.~A. and {Kennedy}, G.~M.},
        title = "{Transiting exocomets detected in broadband light by TESS in the {\ensuremath{\beta}} Pictoris system}",
      journal = {\aap},
     keywords = {comets: general, planetary systems, stars: individual: {\ensuremath{\beta}} Pictoris, techniques: photometric, circumstellar matter, Astrophysics - Solar and Stellar Astrophysics, Astrophysics - Earth and Planetary Astrophysics},
         year = 2019,
        month = may,
       volume = {625},
          eid = {L13},
        pages = {L13},
          doi = {10.1051/0004-6361/201935552},
archivePrefix = {arXiv},
       eprint = {1903.11071},
 primaryClass = {astro-ph.SR},
       adsurl = {https://ui.adsabs.harvard.edu/abs/2019A&A...625L..13Z},
      adsnote = {Provided by the SAO/NASA Astrophysics Data System}
}


@ARTICLE{Rappaport18,
       author = {{Rappaport}, S. and {Vanderburg}, A. and {Jacobs}, T. and {LaCourse}, D. and {Jenkins}, J. and {Kraus}, A. and {Rizzuto}, A. and {Latham}, D.~W. and {Bieryla}, A. and {Lazarevic}, M. and {Schmitt}, A.},
        title = "{Likely transiting exocomets detected by Kepler}",
      journal = {\mnras},
     keywords = {comets: general, planetary systems, minor planets, asteroids: general, stars: individual (KIC 3542116, KIC 11084727), Astrophysics - Earth and Planetary Astrophysics},
         year = 2018,
        month = feb,
       volume = {474},
       number = {2},
        pages = {1453-1468},
          doi = {10.1093/mnras/stx2735},
archivePrefix = {arXiv},
       eprint = {1708.06069},
 primaryClass = {astro-ph.EP},
       adsurl = {https://ui.adsabs.harvard.edu/abs/2018MNRAS.474.1453R},
      adsnote = {Provided by the SAO/NASA Astrophysics Data System}
}

@ARTICLE{Pavlenko22,
       author = {{Pavlenko}, Ya. and {Kulyk}, I. and {Shubina}, O. and {Vasylenko}, M. and {Dobrycheva}, D. and {Korsun}, P.},
        title = "{New exocomets of {\ensuremath{\beta}} Pic}",
      journal = {\aap},
     keywords = {binaries: general, stars: individual: {\ensuremath{\beta}} Pictoris, planetary systems, methods: data analysis, comets: general, Astrophysics - Solar and Stellar Astrophysics, Astrophysics - Earth and Planetary Astrophysics},
         year = 2022,
        month = apr,
       volume = {660},
          eid = {A49},
        pages = {A49},
          doi = {10.1051/0004-6361/202142111},
archivePrefix = {arXiv},
       eprint = {2202.13373},
 primaryClass = {astro-ph.SR},
       adsurl = {https://ui.adsabs.harvard.edu/abs/2022A&A...660A..49P},
      adsnote = {Provided by the SAO/NASA Astrophysics Data System}
}


@ARTICLE{LecavelierdesEtangs97,
   author = {{Lecavelier Des Etangs}, A. and {Vidal-Madjar}, A. and
{Burki}, G. and 
    {Lamers}, H.~J.~G.~L.~M. and {Ferlet}, R. and {Nitschelm}, C. and 
    {Sevre}, F.},
    title = "{Beta Pictoris light variations. I. The planetary
hypothesis}",
  journal = {\aap},
 keywords = {STARS: CIRCUMSTELLAR MATTER, PLANETARY SYSTEMS, STARS: BETA
PIC},
     year = 1997,
    month = dec,
   volume = 328,
    pages = {311-320},
   adsurl = {http://adsabs.harvard.edu/abs/1997A%26A...328..311L},
  adsnote = {Provided by the SAO/NASA Astrophysics Data System}
}


@ARTICLE{Preston1967,
       author = {{Preston}, G.~W.},
        title = "{The spectrum of Ikkeya-Seki (1965f)}",
      journal = {\apj},
         year = "1967",
        month = "Feb",
       volume = {147},
        pages = {718-742},
          doi = {10.1086/149049},
       adsurl = {https://ui.adsabs.harvard.edu/abs/1967ApJ...147..718P},
      adsnote = {Provided by the SAO/NASA Astrophysics Data System}
}

@ARTICLE{Slaughter1969,
       author = {{Slaughter}, C.~D.},
        title = "{The Emission Spectrum of Comet Ikeya-Seki 1965-f at Perihelion Passage}",
      journal = {\aj},
         year = "1969",
        month = "Sep",
       volume = {74},
        pages = {929},
          doi = {10.1086/110884},
       adsurl = {https://ui.adsabs.harvard.edu/abs/1969AJ.....74..929S},
      adsnote = {Provided by the SAO/NASA Astrophysics Data System}
}

@ARTICLE{Schmidt16,
       author = {{Schmidt}, Carl},
        title = "{High resolution integral-field spectroscopy of gas and ion distributions in the coma of Comet C/2012 S1 ISON}",
      journal = {\icarus},
     keywords = {Comets, coma, Comets, plasma, Instrumentation, Spectroscopy, Comets},
         year = 2016,
        month = feb,
       volume = {265},
        pages = {35-41},
          doi = {10.1016/j.icarus.2015.10.009},
       adsurl = {https://ui.adsabs.harvard.edu/abs/2016Icar..265...35S},
      adsnote = {Provided by the SAO/NASA Astrophysics Data System}
}


@ARTICLE{Fulle13,
       author = {{Fulle}, M. and {Molaro}, P. and {Buzzi}, L. and {Valisa}, P.},
        title = "{Potassium Detection and Lithium Depletion in Comets C/2011 L4 (Panstarrs) and C/1965 S1 (Ikeya-Seki)}",
      journal = {\apjl},
     keywords = {atomic data, comets: general, comets: individual: C/2011 L4 (Panstarrs), Astrophysics - Earth and Planetary Astrophysics},
         year = 2013,
        month = jul,
       volume = {771},
       number = {2},
          eid = {L21},
        pages = {L21},
          doi = {10.1088/2041-8205/771/2/L21},
archivePrefix = {arXiv},
       eprint = {1307.4885},
 primaryClass = {astro-ph.EP},
       adsurl = {https://ui.adsabs.harvard.edu/abs/2013ApJ...771L..21F},
      adsnote = {Provided by the SAO/NASA Astrophysics Data System}
}


@ARTICLE{AHearn1995,
       author = {{A'Hearn}, Michael F. and {Millis}, Robert C. and
         {Schleicher}, David O. and {Osip}, David J. and {Birch}, Peter V.},
        title = "{The ensemble properties of comets: Results from narrowband photometry of 85 comets, 1976-1992.}",
      journal = {\icarus},
         year = "1995",
        month = "Dec",
       volume = {118},
       number = {2},
        pages = {223-270},
          doi = {10.1006/icar.1995.1190},
       adsurl = {https://ui.adsabs.harvard.edu/abs/1995Icar..118..223A},
      adsnote = {Provided by the SAO/NASA Astrophysics Data System}
}

@ARTICLE{Schleicher2010,
       author = {{Schleicher}, David G.},
        title = "{The Fluorescence Efficiencies of the CN Violet Bands in Comets}",
      journal = {\aj},
     keywords = {comets: general, methods: analytical},
         year = "2010",
        month = "Oct",
       volume = {140},
       number = {4},
        pages = {973-984},
          doi = {10.1088/0004-6256/140/4/973},
       adsurl = {https://ui.adsabs.harvard.edu/abs/2010AJ....140..973S},
      adsnote = {Provided by the SAO/NASA Astrophysics Data System}
}

@ARTICLE{Fitzsimmons1996,
       author = {{Fitzsimmons}, A. and {Cartwright}, I.~M.},
        title = "{Optical spectroscopy of comet C/1995 O1 Hale-Bopp}",
      journal = {\mnras},
     keywords = {COMETS: INDIVIDUAL: HALE-BOPP},
         year = "1996",
        month = "Jan",
       volume = {278},
       number = {2},
        pages = {L37-L40},
          doi = {10.1093/mnras/278.2.L37},
       adsurl = {https://ui.adsabs.harvard.edu/abs/1996MNRAS.278L..37F},
      adsnote = {Provided by the SAO/NASA Astrophysics Data System}
}

@ARTICLE{Cremonese1997,
       author = {{Cremonese}, G. and {Boehnhardt}, H. and {Crovisier}, J. and
         {Rauer}, H. and {Fitzsimmons}, A. and {Fulle}, M. and {Licandro}, J. and
         {Pollacco}, D. and {Tozzi}, G.~P. and {West}, R.~M.},
        title = "{Neutral Sodium from Comet Hale-Bopp: A Third Type of Tail}",
      journal = {\apj},
     keywords = {COMETS: GENERAL, ATOMIC PROCESSES, COMETS: INDIVIDUAL NAME: HALE-BOPP 1995 O1, SCATTERING, Atomic Processes, Comets: General, Comets: Individual: Name: Hale-Bopp 1995 O1, Scattering, Astrophysics},
         year = "1997",
        month = "Dec",
       volume = {490},
       number = {2},
        pages = {L199-L202},
          doi = {10.1086/311040},
archivePrefix = {arXiv},
       eprint = {astro-ph/9710022},
 primaryClass = {astro-ph},
       adsurl = {https://ui.adsabs.harvard.edu/abs/1997ApJ...490L.199C},
      adsnote = {Provided by the SAO/NASA Astrophysics Data System}
}

@ARTICLE{Fulle2007,
       author = {{Fulle}, M. and {Leblanc}, F. and {Harrison}, R.~A. and {Davis}, C.~J. and
         {Eyles}, C.~J. and {Halain}, J.~P. and {Howard}, R.~A. and
         {Bockel{\'e}e-Morvan}, D. and {Cremonese}, G. and {Scarmato}, T.},
        title = "{Discovery of the Atomic Iron Tail of Comet MCNaught Using the Heliospheric Imager on STEREO}",
      journal = {\apj},
     keywords = {Atomic Data, Comets: General, comets: individual (McNaught 2006P1)},
         year = "2007",
        month = "May",
       volume = {661},
       number = {1},
        pages = {L93-L96},
          doi = {10.1086/518719},
       adsurl = {https://ui.adsabs.harvard.edu/abs/2007ApJ...661L..93F},
      adsnote = {Provided by the SAO/NASA Astrophysics Data System}
}


@ARTICLE{Hyland2019,
       author = {{Hyland}, M.~G. and {Fitzsimmons}, A. and {Snodgrass}, C.},
        title = "{Near-UV and optical spectroscopy of comets using the ISIS spectrograph on the WHT}",
      journal = {\mnras},
     keywords = {techniques: spectroscopic, comets: general, Astrophysics - Earth and Planetary Astrophysics},
         year = "2019",
        month = "Mar",
       volume = {484},
       number = {1},
        pages = {1347-1358},
          doi = {10.1093/mnras/stz075},
archivePrefix = {arXiv},
       eprint = {1901.03284},
 primaryClass = {astro-ph.EP},
       adsurl = {https://ui.adsabs.harvard.edu/abs/2019MNRAS.484.1347H},
      adsnote = {Provided by the SAO/NASA Astrophysics Data System}
}

@ARTICLE{2012Icar..218..144C,
       author = {{Cochran}, A.~L. and {Barker}, E.~S. and {Gray}, C.~L.},
        title = "{Thirty years of cometary spectroscopy from McDonald Observatory}",
      journal = {\icarus},
     keywords = {Astrophysics - Earth and Planetary Astrophysics},
         year = "2012",
        month = "Mar",
       volume = {218},
       number = {1},
        pages = {144-168},
          doi = {10.1016/j.icarus.2011.12.010},
archivePrefix = {arXiv},
       eprint = {1112.4770},
 primaryClass = {astro-ph.EP},
       adsurl = {https://ui.adsabs.harvard.edu/abs/2012Icar..218..144C},
      adsnote = {Provided by the SAO/NASA Astrophysics Data System}
}

@ARTICLE{Fray2005,
       author = {{Fray}, N. and {B{\'e}nilan}, Y. and {Cottin}, H. and {Gazeau}, M. -C. and
         {Crovisier}, J.},
        title = "{The origin of the CN radical in comets: A review from observations and models}",
      journal = {\planss},
         year = "2005",
        month = "Oct",
       volume = {53},
       number = {12},
        pages = {1243-1262},
          doi = {10.1016/j.pss.2005.06.005},
       adsurl = {https://ui.adsabs.harvard.edu/abs/2005P&SS...53.1243F},
      adsnote = {Provided by the SAO/NASA Astrophysics Data System}
}


@ARTICLE{Cordiner2014,
       author = {{Cordiner}, M.~A. and {Remijan}, A.~J. and {Boissier}, J. and
         {Milam}, S.~N. and {Mumma}, M.~J. and {Charnley}, S.~B. and
         {Paganini}, L. and {Villanueva}, G. and {Bockel{\'e}e-Morvan}, D. and
         {Kuan}, Y. -J. and {Chuang}, Y. -L. and {Lis}, D.~C. and {Biver}, N. and
         {Crovisier}, J. and {Minniti}, D. and {Coulson}, I.~M.},
        title = "{Mapping the Release of Volatiles in the Inner Comae of Comets C/2012 F6 (Lemmon) and C/2012 S1 (ISON) Using the Atacama Large Millimeter/Submillimeter Array}",
      journal = {\apj},
     keywords = {comets: individual: C/2012 S1 (ISON) C/2012 F6 (Lemmon), techniques: interferometric, Astrophysics - Earth and Planetary Astrophysics},
         year = "2014",
        month = "Sep",
       volume = {792},
       number = {1},
          eid = {L2},
        pages = {L2},
          doi = {10.1088/2041-8205/792/1/L2},
archivePrefix = {arXiv},
       eprint = {1408.2458},
 primaryClass = {astro-ph.EP},
       adsurl = {https://ui.adsabs.harvard.edu/abs/2014ApJ...792L...2C},
      adsnote = {Provided by the SAO/NASA Astrophysics Data System}
}



@ARTICLE{Mizuno80,
   author = {{Mizuno}, H.},
    title = "{Formation of the Giant Planets}",
  journal = {Progress of Theoretical Physics},
     year = 1980,
    month = aug,
   volume = 64,
    pages = {544-557},
      doi = {10.1143/PTP.64.544},
   adsurl = {http://adsabs.harvard.edu/abs/1980PThPh..64..544M},
  adsnote = {Provided by the SAO/NASA Astrophysics Data System}
}



@ARTICLE{Balluch88,
   author = {{Balluch}, M.},
    title = "{Protostellar evolution. I - The behaviour of the Eddington factor and the accretion shock}",
  journal = {\aap},
 keywords = {Protostars, Stellar Evolution, Stellar Mass Accretion, Pre-Main Sequence Stars, Radiative Transfer, Shock Fronts, Stellar Temperature, Thermodynamic Properties, Time Dependence},
     year = 1988,
    month = jul,
   volume = 200,
    pages = {58-74},
   adsurl = {http://adsabs.harvard.edu/abs/1988A%26A...200...58B},
  adsnote = {Provided by the SAO/NASA Astrophysics Data System}
}


@techreport{rossum1995,
 author = {Rossum, Guido},
 title = {Python Reference Manual},
 year = {1995},
 institution= {Centrum voor Wiskunde en Informatica (CWI)},
 publisher = {CWI (Centre for Mathematics and Computer Science)},
 address = {Amsterdam, The Netherlands, The Netherlands},
} 



@article{walt2011,
  title={The NumPy array: a structure for efficient numerical computation},
  author={van der Walt, Stefan and Colbert, S Chris and Varoquaux, Gael},
  journal={Computing in Science \& Engineering},
  volume={13},
  number={2},
  pages={22},
  year={2011},
  publisher={IEEE Computer Society}
}


@Article{hunter2007,
  Author    = {Hunter, J. D.},
  Title     = {Matplotlib: A 2D graphics environment},
  Journal   = {Computing In Science \& Engineering},
  Volume    = {9},
  Number    = {3},
  Pages     = {90--95},
  abstract  = {Matplotlib is a 2D graphics package used for Python
  for application development, interactive scripting, and
  publication-quality image generation across user
  interfaces and operating systems.},
  publisher = {IEEE COMPUTER SOC},
  doi       = {10.1109/MCSE.2007.55},
  year      = 2007
}


@ARTICLE{astropy2013,
       author = {{Astropy Collaboration} and {Robitaille}, Thomas P. and
         {Tollerud}, Erik J. and {Greenfield}, Perry and {Droettboom}, Michael and
         {Bray}, Erik and {Aldcroft}, Tom and {Davis}, Matt and
         {Ginsburg}, Adam and {Price-Whelan}, Adrian M. and
         {Kerzendorf}, Wolfgang E. and {Conley}, Alexander and {Crighton}, Neil and
         {Barbary}, Kyle and {Muna}, Demitri and {Ferguson}, Henry and
         {Grollier}, Fr{\'e}d{\'e}ric and {Parikh}, Madhura M. and
         {Nair}, Prasanth H. and {Unther}, Hans M. and {Deil}, Christoph and
         {Woillez}, Julien and {Conseil}, Simon and {Kramer}, Roban and
         {Turner}, James E.~H. and {Singer}, Leo and {Fox}, Ryan and
         {Weaver}, Benjamin A. and {Zabalza}, Victor and {Edwards}, Zachary I. and
         {Azalee Bostroem}, K. and {Burke}, D.~J. and {Casey}, Andrew R. and
         {Crawford}, Steven M. and {Dencheva}, Nadia and {Ely}, Justin and
         {Jenness}, Tim and {Labrie}, Kathleen and {Lim}, Pey Lian and
         {Pierfederici}, Francesco and {Pontzen}, Andrew and {Ptak}, Andy and
         {Refsdal}, Brian and {Servillat}, Mathieu and {Streicher}, Ole},
        title = "{Astropy: A community Python package for astronomy}",
      journal = {\aap},
     keywords = {methods: data analysis, methods: miscellaneous, virtual observatory tools, Astrophysics - Instrumentation and Methods for Astrophysics},
         year = "2013",
        month = "Oct",
       volume = {558},
          eid = {A33},
        pages = {A33},
          doi = {10.1051/0004-6361/201322068},
archivePrefix = {arXiv},
       eprint = {1307.6212},
 primaryClass = {astro-ph.IM},
       adsurl = {https://ui.adsabs.harvard.edu/\#abs/2013A&A...558A..33A},
      adsnote = {Provided by the SAO/NASA Astrophysics Data System}
}


